@misc{blaser2019sparse,
	title={Sparse Filtered Nerves}, 
	author={Nello Blaser and Morten Brun},
	year={2019},
	eprint={1810.02149},
	archivePrefix={arXiv},
	primaryClass={math.AT}
}

@misc{buchet2023sparse,
	title={Sparse Higher Order \v{C}ech Filtrations}, 
	author={MickaÃ«l Buchet and Bianca B. Dornelas and Michael Kerber},
	year={2023},
	eprint={2303.06666},
	archivePrefix={arXiv},
	primaryClass={cs.CG}
}